# =================================================================
# Power Supply Design References
# =================================================================
#
# Notes:
#
# 1. The linewrap logic in PCTex's bibliography generator does
#    not handle underscores (it will split the line in the wrong
#    place). In the 'note' fields, make sure to use new lines rather
#    than have the note on one line. The easiest way to check for
#    issues is to generate the bibliography and then look at the
#    .bbl file.
#
# 2. Use \href for all the links, rather than url for the web links,
#    as it keeps the fonts in the final document the same
#    (url generates a true-type hyperlink)
# 

# =================================================================
# Books
# =================================================================

# -----------------------------------------------------------------
# B
# -----------------------------------------------------------------

@book{
	Basso_2008,
	author={C. P. Basso},
	publisher={McGraw-Hill},
	title={{Switch-mode power supplies; SPICE simulations and practical designs}},
	year={2008}
}

# =================================================================
# Misc
# =================================================================

# -----------------------------------------------------------------
# A
# -----------------------------------------------------------------

@misc{
	Arrow_Altera_Devtool_Guide_2010,
	author={Arrow Electronics},
	howpublished={Product guide},
	note={(\href{http://cds.linear.com/docs/Reference%20Design/altera-devtool-guide.pdf}
	{altera-devtool-guide.pdf} and \href{http://www.arrow.com/alteratools}
	{http://www.arrow.com/alteratools})},
	title={{Altera Development Tools}},
	year={2010}
}

# -----------------------------------------------------------------
# L
# -----------------------------------------------------------------

@misc{
	Linear_AN76_1999,
	author={J. Seago},
	howpublished={Linear Technology. Application Note},
	note={(\href{http://cds.linear.com/docs/Application%20Note/an76.pdf}
	{an76.pdf})},
	title={{AN76: OPTI-LOOP architecture reduces output capacitance
	and improves transient response}},
	month=may,
	year={1999}
}

@misc{
	Linear_DC247_1999,
	author={Linear Technology},
	howpublished={Demo manual},
	note={(\href{http://cds.linear.com/docs/Demo%20Board%20manual/dc247A.pdf}
	{dc247A.pdf})},
	title={{DC247: LTC1735 constant frequency synchronous DC/DC converter}},
	year={1999}
}

@misc{
	Linear_LTC1735_1998,
	author={Linear Technology},
	howpublished={Data sheet},
	note={(\href{http://cds.linear.com/docs/Datasheet/1735fc.pdf}
	{1735fc.pdf})},
	title={{LTC1735: High efficiency synchronous step-down
	switching regulator}},
	year={1998}
}

@misc{
	Linear_LTC3851A_2010,
	author={Linear Technology},
	howpublished={Data sheet},
	note={(\href{http://cds.linear.com/docs/Datasheet/3851afa.pdf}
	{3851afa.pdf})},
	title={{LTC3851A: Synchronous step-down switching regulator
	controller}},
	year={2010}
}

@misc{
	Linear_LTC3855_2009,
	author={Linear Technology},
	howpublished={Data sheet},
	note={(\href{http://cds.linear.com/docs/Datasheet/3855f.pdf}
	{3855f.pdf})},
	title={{LTC3855: Dual. multi-phase synchronous DC/DC controller 
	with differential remote sense}},
	year={2009}
}

@misc{
	Linear_LTM4601A_2011,
	author={Linear Technology},
	howpublished={Data sheet},
	note={(\href{http://cds.linear.com/docs/Datasheet/4601afc.pdf}
	{4601afc.pdf})},
	title={{LTM4601A/LTM4601A-1: 12A $\mu$Module regulators with PLL,
	output tracking and margining}},
	year={2011}
}

@misc{
	Linear_Altera_Product_Guide_2012,
	author={Linear Technology},
	howpublished={Product guide},
	note={(\href{http://cds.linear.com/docs/Reference%20Design/Product_Guide_Altera.pdf}
	{Product\_Guide\_Altera.pdf})},
	title={{Power management solutions for Altera's FPGAs, CPLDs and Structured ASICs}},
	year={2012}
}

@misc{
	Linear_Altera_Reference_Designs_2012,
	author={Linear Technology},
	howpublished={Web page},
	title={\href{http://www.linear.com/designtools/reference_design/altera.php}
	{Altera Reference Designs}},
	year={2012}
}
